<record><leader>00000cas a2200000 a 4500</leader><controlfield tag="001">47848278</controlfield><controlfield tag="008">010827d189u1906miuwr n       0    0eng c</controlfield><datafield ind1=" " ind2=" " tag="010"><subfield code="a">sn2001061753</subfield></datafield><datafield ind1=" " ind2=" " tag="040"><subfield code="a">MHN</subfield><subfield code="b">eng</subfield><subfield code="c">MHN</subfield><subfield code="d">OCLCQ</subfield><subfield code="d">OCLCO</subfield></datafield><datafield ind1="1" ind2=" " tag="029"><subfield code="a">AU@</subfield><subfield code="b">000022935346</subfield></datafield><datafield ind1=" " ind2=" " tag="042"><subfield code="a">pcc</subfield></datafield><datafield ind1=" " ind2=" " tag="043"><subfield code="a">n-us-mi</subfield></datafield><datafield ind1="0" ind2="0" tag="245"><subfield code="a">Tri=county chronicle.</subfield></datafield><datafield ind1=" " ind2=" " tag="260"><subfield code="a">Cass City, Mich. :</subfield><subfield code="b">F. Klump &amp; Co.</subfield></datafield><datafield ind1=" " ind2=" " tag="300"><subfield code="a">v.</subfield></datafield><datafield ind1=" " ind2=" " tag="310"><subfield code="a">Weekly</subfield></datafield><datafield ind1="0" ind2=" " tag="362"><subfield code="a">-v. 8, no. 50 (Apr. 20, 1906).</subfield></datafield><datafield ind1=" " ind2=" " tag="588"><subfield code="a">Description based on: Vol. 1, no. 51 (May 4, 1900).</subfield></datafield><datafield ind1=" " ind2="0" tag="651"><subfield code="a">Cass City (Mich.)</subfield><subfield code="v">Newspapers.</subfield></datafield><datafield ind1=" " ind2="0" tag="651"><subfield code="a">Tuscola County (Mich.)</subfield><subfield code="v">Newspapers.</subfield></datafield><datafield ind1=" " ind2=" " tag="752"><subfield code="a">United States</subfield><subfield code="b">Michigan</subfield><subfield code="c">Tuscola</subfield><subfield code="d">Cass City.</subfield></datafield><datafield ind1="0" ind2="4" tag="785"><subfield code="t">Cass City chronicle</subfield><subfield code="w">(DLC)sn 96076729</subfield><subfield code="w">(OCoLC)34953975</subfield></datafield></record>